@article{exampleArticle,
  title={},
  author={},
  journal={},
  volume={},
  number={},
  pages={},
  year={},
  month={},
  DOI={},
  howpublished={\url{}}
}

@misc{exampleMisc,
  title={},
  author={},
  year={},
  month={},
  howpublished={\url{}},
  note={[Last Accessed: \today]}
}

@incollection{exampleChapter,
  title= {},
  author= {},
  editor= {},
  booktitle= {},
  publisher={},
  year= {},
  chapter= {},
  pages= {},
  howpublished={\url{}}
}